<?xml version="1.0" encoding="UTF-8"?><collection xmlns="http://www.loc.gov/MARC21/slim"><record><leader>00358nam--2200109-i-4500</leader><controlfield tag="001">000038549</controlfield><controlfield tag="002">20161230</controlfield><controlfield tag="005">20161230201041</controlfield><controlfield tag="008">060222s1000------------r-----000-0-eng-d</controlfield><datafield ind1=" " ind2=" " tag="245"><subfield code="a">Repertoriul general al legislatiei in vigoare. publicata pina la data de 1 ian.1956 pe materii - cronologic - alfabetic</subfield></datafield><datafield ind1=" " ind2=" " tag="260"><subfield code="a">Bucuresti, Ed.Stiint., 1966, 1103p</subfield></datafield><datafield ind1=" " ind2=" " tag="852"><subfield code="a">23352</subfield></datafield></record></collection>